@Manual{R-sensitivity,
  title = {sensitivity: Global Sensitivity Analysis of Model Outputs},
  author = {Bertrand Iooss and Alexandre Janon and Gilles Pujol and with contributions from Khalid Boumhaout and Sebastien Da Veiga and Thibault Delage and Jana Fruth and Laurent Gilquin and Joseph Guillaume and Loic {Le Gratiet} and Paul Lemaitre and Barry L. Nelson and Filippo Monari and Roelof Oomen and Bernardo Ramos and Olivier Roustant and Eunhye Song and Jeremy Staum and Roman Sueur and Taieb Touati and Frank Weber},
  year = {2018},
  note = {R package version 1.15.1},
  url = {https://CRAN.R-project.org/package=sensitivity},
}
