@Marticle{R-sensitivity,
  title = {sensitivity: Global Sensitivity Analysis of Model Outputs},
  author = {Bertrand Iooss and Alexandre Janon and Gilles Pujol and with contributions from Khalid Boumhaout and Sebastien Da Veiga and Thibault Delage and Jana Fruth and Laurent Gilquin and Joseph Guillaume and Loic {Le Gratiet} and Paul Lemaitre and Barry L. Nelson and Filippo Monari and Roelof Oomen and Bernardo Ramos and Olivier Roustant and Eunhye Song and Jeremy Staum and Roman Sueur and Taieb Touati and Frank Weber},
  year = {2018},
  note = {R package version 1.15.1},
  url = {https://CRAN.R-project.org/package=sensitivity},
}

@article{JSSv002i09,
   author = {Frederic Bois and Don Maszle},
   title = {MCSim: A Monte Carlo Simulation Program},
   journal = {Journal of Statistical Software, Articles},
   volume = {2},
   number = {9},
   year = {1997},
   keywords = {},
   issn = {1548-7660},
   pages = {1--60},
   doi = {10.18637/jss.v002.i09},
   url = {https://www.jstatsoft.org/v002/i09}
}

@article{JSSv033i09,
   author = {Karline Soetaert and Thomas Petzoldt and R. Woodrow Setzer},
   title = {Solving Differential Equations in R: Package deSolve},
   journal = {Journal of Statistical Software, Articles},
   volume = {33},
   number = {9},
   year = {2010},
   keywords = {},
   issn = {1548-7660},
   pages = {1--25},
   doi = {10.18637/jss.v033.i09},
   url = {https://www.jstatsoft.org/v033/i09}
}

@article{JSSv079i04,
   author = {Robert Pearce and R. Woodrow Setzer and Cory Strope and Nisha Sipes and John Wambaugh},
   title = {{httk}: {R} Package for High-Throughput Toxicokinetics},
   journal = {Journal of Statistical Software, Articles},
   volume = {79},
   number = {4},
   year = {2017},
   keywords = {high-throughput; ToxCast; httk; toxicokinetics; pharmacokinetics},
   issn = {1548-7660},
   pages = {1--26},
   doi = {10.18637/jss.v079.i04},
   url = {https://www.jstatsoft.org/v079/i04}
}

@article{fphar201800588,
  author = {Nan-Hung Hsieh and Brad Reisfeld and Frederic Y. Bois and Weihsueh A. Chiu},
  title = {Applying a Global Sensitivity Analysis Workflow to Improve the Computational Efficiencies in Physiologically-Based Pharmacokinetic Modeling},
  journal={Frontiers in Pharmacology},
  volume = {9},
  pages = {588},
  year = {2018},
  Keywords = {global sensitivity analysis, physiologically-based pharmacokinetic model, Bayesian, computational efficiency, parameter fixing},
  issn = {1663-9812},
  doi = {10.3389/fphar.2018.00588},
  url = {https://www.frontiersin.org/articles/10.3389/fphar.2018.00588/full}
}

@article{s13318-015-0253-x,
  author = {Todd J. Zurlinden and Brad Reisfeld},
  title = {Physiologically based modeling of the pharmacokinetics of acetaminophen and its major metabolites in humans using a Bayesian population approach},
  journal={European Journal of Drug Metabolism and Pharmacokinetics},
  volume = {41},
  pages = {267--280},
  year = {2016},
  Keywords = {},
  doi = {10.1007/s13318-015-0253-x},
  url = {https://link.springer.com/article/10.1007%2Fs13318-015-0253-x}
}
